@misc{ramesh2021samanantar,
      title={Samanantar: The Largest Publicly Available Parallel Corpora Collection for 11 Indic Languages}, 
      author={Gowtham Ramesh and Sumanth Doddapaneni and Aravinth Bheemaraj and Mayank Jobanputra and Raghavan AK and Ajitesh Sharma and Sujit Sahoo and Harshita Diddee and Mahalakshmi J and Divyanshu Kakwani and Navneet Kumar and Aswin Pradeep and Srihari Nagaraj and Kumar Deepak and Vivek Raghavan and Anoop Kunchukuttan and Pratyush Kumar and Mitesh Shantadevi Khapra},
      year={2021},
      eprint={2104.05596},
      archivePrefix={arXiv},
      primaryClass={cs.CL}
}
